@article{dworczak-2020,
  author          = {Piotr Dworczak and Scott Duke Kominers and Mohammad Akbarpour},
  title           = {Redistribution through Markets},
  journal         = {Working Paper},
  volume          = {},
  number          = {},
  year            = {2020}
}

@article{budish-2011,
  author          = {Eric Budish},
  title           = {The Combinatorial Assignment Problem: Approximate Competitive Equilibrium from Equal Incomes},
  journal         = {Journal of Political Economy},
  volume          = {119},
  number          = {6},
  year            = {2011}
}

@article{babaioff-2019,
  author          = {Moshe Babaioff and Noam Nisan and Inbal Talgam-Cohen},
  title           = {Fair Allocation through Competitive Equilibrium from Generic Incomes},
  journal         = {’19: Conference on Fairness, Accountability, and Transparency},
  volume          = {},
  number          = {},
  year            = {2019}
}

@article{prendergast-2017,
  author          = {Canice Prendergast},
  title           = {How Food Banks Use Markets to Feed the Poor},
  journal         = {Journal of Economic Perspectives},
  volume          = {31},
  number          = {4},
  year            = {2017}
}

@article{avery-2020,
  author          = {Christopher Avery and Parag Pathak},
  title           = {The Distributional Consequences of Public School Choice},
  journal         = {American Economic Review},
  volume          = {111},
  number          = {1},
  year            = {2021}
}

@article{pathak-2011,
  author          = {Parag Pathak},
  title           = {The Mechanism Design Approach to Student Assignment},
  journal         = {Annual Review of Economics},
  volume          = {3},
  number          = {},
  year            = {2011}
}

@article{weitzman-1977,
  author          = {Martin L. Weitzman},
  title           = {Is the Price System or Rationing More Effective in Getting a Commodity to Those Who Need it Most?},
  journal         = {The Bell Journal of Economics},
  volume          = {8},
  number          = {2},
  year            = {1977}
}

@article{pathak-2020,
  author          = {Parag A. Pathak and Tayfun Sönmez and M. Utku Ünver and M. Bumin Yenmez},
  title           = {Fair Allocation of Vaccines, Ventilators and Antiviral Treatments:
Leaving No Ethical Value Behind in Health Care Rationing},
  journal         = {NBER Working Paper},
  volume          = {},
  number          = {},
  year            = {2020}
}

@article{pathak-2020b,
  author          = {Parag A. Pathak and Harald Schmidt and Adam Solomon and Edwin Song and Tayfun Sönmez and M. Utku Ünver},
  title           = {Do Black and Indigenous Communities Receive Their Fair Share of Vaccines Under the 2018 CDC Guidelines?},
  journal         = {NBER Working Paper},
  volume          = {},
  number          = {},
  year            = {2020}
}

@article{akbarpour-2020,
  author          = {Mohammad Akbarpour and Piotr Dworczak and Scott Duke Kominers},
  title           = {Redistributive Allocation Mechanisms},
  journal         = {Working Paper},
  volume          = {},
  number          = {},
  year            = {2020}
}

@article{alaei-2017,
  author          = {Saeed Alaei and Pooya Jalaly and Eva Tardos},
  title           = {Computing Equilibrium in Matching Markets},
  journal         = {Proceedings of the 2017 ACM Conference on Economics and Computation},
  volume          = {},
  number          = {},
  year            = {2017}
}

@article{diamond-2019,
  author          = {Rebecca Diamond and Tim McQuade and Franklin Qian},
  title           = {The Effects of Rent Control Expansion on Tenants, Landlords, and Inequality: Evidence from San Francisco},
  journal         = {American Economic Review},
  volume          = {109},
  number          = {9},
  year            = {2019}
}

@article{card-1993,
  author          = {David Card and Alan Krueger},
  title           = {Minimum Wages and Employment: A Case Study of the Fast Food Industry in New Jersey and Pennsylvania},
  journal         = {American Economic Review},
  volume          = {84},
  number          = {4},
  year            = {1993}
}